[
{"quantite": ["12x25cl"], "beer": "1664 Bi\u00e8re blonde - Bouteille - Alc. 5,5% vol.", "prix/Litre": [" 2,77\u20ac/L"], "prix": ["8,30"]},
{"quantite": ["6x25cl"], "beer": "HOEGAARDEN Radler - Lemon & lime - Bi\u00e8re au citron - Alc. 2% vol.", "prix/Litre": [" 3,73\u20ac/L"], "prix": ["5,59"]},
{"quantite": ["6x25cl"], "beer": "HOEGAARDEN Bi\u00e8re blanche - Bouteille - Alc. 4,9% vol.", "prix/Litre": [" 2,80\u20ac/L"], "prix": ["4,20"]},
{"quantite": ["75cl"], "beer": "LA GOUDALE Bi\u00e8re de garde blonde - Bouteille - Alc. 7,2% vol.", "prix/Litre": [" 3,75\u20ac/L"], "prix": ["2,81"]},
{"quantite": ["4x25cl"], "beer": "MORT SUBITE Kriek lambic - Bi\u00e8re belge \u00e0 la cerise - Alcool 4 % vol.", "prix/Litre": [" 4,96\u20ac/L"], "prix": ["4,96"]},
{"quantite": ["50cl"], "beer": "PELFORTH Bi\u00e8re brune - Canette - Alcool 6% vol.", "prix/Litre": [" 3,52\u20ac/L"], "prix": ["1,76"]},
{"quantite": ["6x25cl"], "beer": "PELFORTH Brune - Bi\u00e8re brune - Bouteille - Alc. 6,5% vol.", "prix/Litre": [" 3,04\u20ac/L"], "prix": ["4,56"]},
{"quantite": ["33cl"], "beer": "CHIMAY Bi\u00e8re chimay bleu br. 9d 33cl", "prix/Litre": [" 5,09\u20ac/L"], "prix": ["1,68"]},
{"quantite": ["6x25cl"], "beer": "KRIEK La b\u00e9casse - Bi\u00e8re blonde - Bouteille - Aromatis\u00e9e \u00e0 la cerise - Alc. 5,1% vol.", "prix/Litre": [" 3,47\u20ac/L"], "prix": ["5,21"]},
{"quantite": ["65cl"], "beer": "FISCHER Bi\u00e8re ambr\u00e9e - Alc. 6,30% vol", "prix/Litre": [" 4,25\u20ac/L"], "prix": ["2,76"]},
{"quantite": ["50cl"], "beer": "AMSTERDAM Navigator - Bi\u00e8re blonde - Canette - Alc. 8,4% vol.", "prix/Litre": [" 2,70\u20ac/L"], "prix": ["1,35"]},
{"quantite": ["50cl"], "beer": "AMSTERDAM Maximator - Bi\u00e8re blonde - Canette - Alc. 11,6% vol.", "prix/Litre": [" 3,54\u20ac/L"], "prix": ["1,77"]},
{"quantite": ["50cl"], "beer": "BAVARIA 8.6 - Original - Bi\u00e8re blonde - Canette - Alc. 8,6% vol.", "prix/Litre": [" 2,74\u20ac/L"], "prix": ["1,37"]},
{"quantite": ["4x50cl"], "beer": "BAVARIA 8.6 original - Bi\u00e8re - alc 8,6% vol - bouteille", "prix/Litre": [" 2,74\u20ac/L"], "prix": ["5,48"]},
{"quantite": ["50 cl"], "beer": "BRASSEURS DE GAYANT Bi\u00e8re la Goulade - Alc. 7,2% vol", "prix/Litre": [" 3,56\u20ac/L"], "prix": ["1,78"]},
{"quantite": ["50cl"], "beer": "KELLEGEN Bi\u00e8re blonde - Canette - Alc. 8% vol.", "prix/Litre": [" 2,20\u20ac/L"], "prix": ["1,10"]},
{"quantite": ["50cl"], "beer": "KRONENBOURG 7.2 - Bi\u00e8re blonde - Canette - Alc. 7,2% vol.", "prix/Litre": [" 2,44\u20ac/L"], "prix": ["1,22"]},
{"quantite": ["50cl"], "beer": "1664 Bi\u00e8re blonde - Canette - Alc. 5,5% vol.", "prix/Litre": [" 2,28\u20ac/L"], "prix": ["1,14"]},
{"quantite": ["50cl"], "beer": "HEINEKEN Bi\u00e8re blonde - Canette - Alc. 5% vol.", "prix/Litre": [" 2,28\u20ac/L"], "prix": ["1,14"]},
{"quantite": ["50cl"], "beer": "KELLEGEN Biere blonde - Canette - Alc. 5% vol.", "prix/Litre": [" 1,98\u20ac/L"], "prix": ["0,99"]},
{"quantite": ["50cl"], "beer": "DESPERADOS Bi\u00e8re blonde - A la t\u00e9quila - Canette - Alc. 5,9% vol.", "prix/Litre": [" 3,98\u20ac/L"], "prix": ["1,99"]},
{"quantite": ["50cl"], "beer": "DESPERADOS Red - Bi\u00e8re blonde - A la t\u00e9quila - Canette - Ar\u00f4matis\u00e9e guarana - Alc. 5,9% vol.", "prix/Litre": [" 4,18\u20ac/L"], "prix": ["2,09"]},
{"quantite": ["5l"], "beer": "AFFLIGEM Bi\u00e8re blonde - F\u00fbt - Alc. 6,7% vol.", "prix/Litre": [" 4,39\u20ac/L"], "prix": ["21,95"]},
{"quantite": ["5l"], "beer": "HEINEKEN F\u00fbt de bi\u00e8re", "prix/Litre": [" 3,83\u20ac/L"], "prix": ["19,14"]},
{"quantite": ["8 5l"], "beer": "PELFORTH Bi\u00e8re blonde - alc 5,8%vol  - fut", "prix/Litre": [" 3,46\u20ac/L"], "prix": ["17,28"]},
{"quantite": ["6x33cl"], "beer": "KRONENBOURG Bi\u00e8re blonde - Alc. 4,2% vol.", "prix/Litre": [" 1,91\u20ac/L"], "prix": ["3,78"]},
{"quantite": ["10x25cl"], "beer": "KRONENBOURG Original - Bi\u00e8re blonde - Bouteille - Alc. 4,2% vol.", "prix/Litre": [" 2,04\u20ac/L"], "prix": ["5,09"]},
{"quantite": ["12x33cl"], "beer": "KRONENBOURG Bi\u00e8re blonde - Alcool 4,2% vol.", "prix/Litre": [" 1,91\u20ac/L"], "prix": ["7,57"]},
{"quantite": ["20x25cl"], "beer": "KRONENBOURG Bi\u00e8re blonde - Alc. 4,2% vol.", "prix/Litre": [" 2,05\u20ac/L"], "prix": ["10,24"]},
{"quantite": ["26x25cl"], "beer": "KRONENBOURG Original - Bi\u00e8re blonde - Bouteille - Alc. 4,2% vol.", "prix/Litre": [" 1,89\u20ac/L"], "prix": ["12,27"]},
{"quantite": ["10x25cl"], "beer": " Biere blonde - Alcool 4,2% vol", "prix/Litre": [" 1,42\u20ac/L"], "prix": ["3,55"]},
{"quantite": ["65cl"], "beer": "FISCHER Tradition - Bi\u00e8re blonde - Bouteille - Alc. 6% vol.", "prix/Litre": [" 2,94\u20ac/L"], "prix": ["1,91"]}
]